@Article{opComplex,
    author = {Golden, Bruce L. and Levy, Larry and Vohra, Rakesh},
    title = {The orienteering problem},
    year = {1987},
    journal = {Naval Research Logistics (NRL)},
    volume = {34},
    number = {3},
    pages = {307-318},
    doi = {10.1002/1520-6750(198706)34:3<307::AID-NAV3220340302>3.0.CO;2-D},
    url = {https://onlinelibrary.wiley.com/doi/abs/10.1002/1520-6750%28198706%2934%3A3%3C307%3A%3AAID-NAV3220340302%3E3.0.CO%3B2-D},
    eprint = {https://onlinelibrary.wiley.com/doi/pdf/10.1002/1520-6750%28198706%2934%3A3%3C307%3A%3AAID-NAV3220340302%3E3.0.CO%3B2-D},
}
@Article{TOPresume,
    title = "The team orienteering problem",
    journal = "European Journal of Operational Research",
    volume = "88",
    number = "3",
    pages = "464 - 474",
    year = "1996",
    issn = "0377-2217",
    doi = "https://doi.org/10.1016/0377-2217(94)00289-4",
    url = "http://www.sciencedirect.com/science/article/pii/0377221794002894",
    author = "I-Ming Chao and Bruce L. Golden and Edward A. Wasil",
    keywords = "Vehicle routing problem, Heuristic search"
}
@Article{exactAlgorithm,
    author = {Boussier, Feillet and Gendreau},
    title = {An exact algorithm for team orienteering problems},
    journal = {4OR},
    year = {2007},
    volume = {5},
    pages = {211 - 230},
}
@phdthesis{gueguen1999methodes,
  title={M{\'e}thodes de r{\'e}solution exacte pour les probl{\`e}mes de tourn{\'e}es de v{\'e}hicules},
  author={Gueguen, Cyrille},
  year={1999},
  school={Ch{\^a}tenay-Malabry, Ecole centrale de Paris}
}
@article{doi:10.1057/palgrave.jors.2602603,
    author = {C Archetti and D Feillet and A Hertz and M G Speranza},
    title = {The capacitated team orienteering and profitable tour problems},
    journal = {Journal of the Operational Research Society},
    volume = {60},
    number = {6},
    pages = {831-842},
    year  = {2009},
    doi = {10.1057/palgrave.jors.2602603},
    URL = { 
        https://doi.org/10.1057/palgrave.jors.2602603
    },
    eprint = { 
        https://doi.org/10.1057/palgrave.jors.2602603
    }
}
@article{BUTT1994101,
    title = "A heuristic for the multiple tour maximum collection problem",
    journal = "Computers \& Operations Research",
    volume = "21",
    number = "1",
    pages = "101 - 111",
    year = "1994",
    issn = "0305-0548",
    doi = "https://doi.org/10.1016/0305-0548(94)90065-5",
    url = "http://www.sciencedirect.com/science/article/pii/0305054894900655",
    author = "Steven E. Butt and Tom M. Cavalier"
}
@article{BUTT1999427,
    title = "An optimal solution procedure for the multiple tour maximum collection problem using column generation",
    journal = "Computers \& Operations Research",
    volume = "26",
    number = "4",
    pages = "427 - 441",
    year = "1999",
    issn = "0305-0548",
    doi = "https://doi.org/10.1016/S0305-0548(98)00071-9",
    url = "http://www.sciencedirect.com/science/article/pii/S0305054898000719",
    author = "Steven E. Butt and David M. Ryan",
    keywords = "Vehicle routing, Traveling salesman, Constraint branching, Column generation, Optimization"
}
@article{poggi_et_al:OASIcs:2010:2756,
  author =	{Marcus Poggi and Henrique Viana and Eduardo Uchoa},
  title =	{{The Team Orienteering Problem: Formulations and Branch-Cut and Price}},
  journal =	{10th Workshop on Algorithmic Approaches for Transportation Modelling, Optimization, and Systems (ATMOS'10)},
  pages =	"142-155",
  series =	{OpenAccess Series in Informatics (OASIcs)},
  ISBN =	{978-3-939897-20-0},
  ISSN =	{2190-6807},
  year =	{2010},
  volume =	"14",
  editor =	"Thomas Erlebach and Marco L{\"u}bbecke",
  publisher = {Schloss Dagstuhl--Leibniz-Zentrum fuer Informatik},
  address =	{Dagstuhl, Germany},
  URL =		{http://drops.dagstuhl.de/opus/volltexte/2010/2756},
  URN =		{urn:nbn:de:0030-drops-27561},
  doi =		{10.4230/OASIcs.ATMOS.2010.142},
  annote =	{Keywords: Branch-Cut and Price, Team Orienteering Problem, Column Generation}
}
@article{doi:10.1111/itor.12422,
    author = {Bianchessi, Mansini and Garzia Speranza},
    title = {A branch-and-cut algorithm for the Team Orienteering Problem},
    journal = {International Transactions in Operational Research},
    volume = {25},
    number = {2},
    year = {2018},
    pages = {627-635},
    keywords = {Team Orienteering Problem, two-index mathematical formulation, branch-and-cut algorithm},
    doi = {10.1111/itor.12422},
    url = {https://onlinelibrary.wiley.com/doi/abs/10.1111/itor.12422},
    eprint = {https://onlinelibrary.wiley.com/doi/pdf/10.1111/itor.12422},
}
@Article{Tsiligirides1984,
    author="Tsiligirides, T.",
    title="Heuristic Methods Applied to Orienteering",
    journal="Journal of the Operational Research Society",
    year="1984",
    month="Sep",
    day="01",
    volume="35",
    number="9",
    pages="797--809",
    issn="1476-9360",
    doi="10.1057/jors.1984.162",
    url="https://doi.org/10.1057/jors.1984.162"
}
@Article{Archetti2007,
    author="Archetti, Claudia
    and Hertz, Alain
    and Speranza, Maria Grazia",
    title="Metaheuristics for the team orienteering problem",
    journal="Journal of Heuristics",
    year="2007",
    month="Feb",
    day="01",
    volume="13",
    number="1",
    pages="49--76",
    issn="1572-9397",
    doi="10.1007/s10732-006-9004-0",
    url="https://doi.org/10.1007/s10732-006-9004-0"
}
@article{TANG20051379,
    title = "A TABU search heuristic for the team orienteering problem",
    journal = "Computers \& Operations Research",
    volume = "32",
    number = "6",
    pages = "1379 - 1407",
    year = "2005",
    issn = "0305-0548",
    doi = "https://doi.org/10.1016/j.cor.2003.11.008",
    url = "http://www.sciencedirect.com/science/article/pii/S0305054803003265",
    author = "Hao Tang and Elise Miller-Hooks",
    keywords = "Team Orienteering Problem (TOP), Multiple Tour Maximum Collection Problem, Tabu Search, Adaptive Memory Procedure, Selective TSP"
}
@article{KE2008648,
    title = "Ants can solve the team orienteering problem",
    journal = "Computers \& Industrial Engineering",
    volume = "54",
    number = "3",
    pages = "648 - 665",
    year = "2008",
    issn = "0360-8352",
    doi = "https://doi.org/10.1016/j.cie.2007.10.001",
    url = "http://www.sciencedirect.com/science/article/pii/S0360835207002161",
    author = "Liangjun Ke and Claudia Archetti and Zuren Feng",
    keywords = "Team orienteering problem, Ant colony optimization, Ant system, Heuristics"
}
@article{dorigo2011ant,
  title={Ant colony optimization},
  author={Dorigo, Marco and Birattari, Mauro},
  journal={Encyclopedia of machine learning},
  pages={36--39},
  year={2011},
  publisher={Springer}
}
@article{dang2013effective,
  title={An effective PSO-inspired algorithm for the team orienteering problem},
  author={Dang, Duc-Cuong and Guibadj, Rym Nesrine and Moukrim, Aziz},
  journal={European Journal of Operational Research},
  volume={229},
  number={2},
  pages={332--344},
  year={2013},
  publisher={Elsevier}
}
@article{VANSTEENWEGEN2009118,
    title = "A guided local search metaheuristic for the team orienteering problem",
    journal = "European Journal of Operational Research",
    volume = "196",
    number = "1",
    pages = "118 - 127",
    year = "2009",
    issn = "0377-2217",
    doi = "https://doi.org/10.1016/j.ejor.2008.02.037",
    url = "http://www.sciencedirect.com/science/article/pii/S0377221708002312",
    author = "Pieter Vansteenwegen and Wouter Souffriau and Greet Vanden Berghe and Dirk Van Oudheusden",
    keywords = "Metaheuristics, Guided local search, Orienteering problem"
}
@Article{Bouly2010,
    author="Bouly, Hermann
    and Dang, Duc-Cuong
    and Moukrim, Aziz",
    title="A memetic algorithm for the team orienteering problem",
    journal="4OR",
    year="2010",
    month="Mar",
    day="01",
    volume="8",
    number="1",
    pages="49--70",
    issn="1614-2411",
    doi="10.1007/s10288-008-0094-4",
    url="https://doi.org/10.1007/s10288-008-0094-4"
}
@article{GUNAWAN2016315,
    title = "Orienteering Problem: A survey of recent variants, solution approaches and applications",
    journal = "European Journal of Operational Research",
    volume = "255",
    number = "2",
    pages = "315 - 332",
    year = "2016",
    issn = "0377-2217",
    doi = "https://doi.org/10.1016/j.ejor.2016.04.059",
    url = "http://www.sciencedirect.com/science/article/pii/S037722171630296X",
    author = "Aldy Gunawan and Hoong Chuin Lau and Pieter Vansteenwegen",
    keywords = "Scheduling, Survey, Orienteering Problem, Practical Applications"
}
@article{KE2016155,
    title = "Pareto mimic algorithm: An approach to the team orienteering problem",
    journal = "Omega",
    volume = "61",
    pages = "155 - 166",
    year = "2016",
    issn = "0305-0483",
    doi = "https://doi.org/10.1016/j.omega.2015.08.003",
    url = "http://www.sciencedirect.com/science/article/pii/S0305048315001589",
    author = "Liangjun Ke and Laipeng Zhai and Jing Li and Felix T.S. Chan",
    keywords = "Vehicle scheduling, Vehicle routing problem, Team orienteering problem, Pareto dominance"
}